4514 5734
1108 588 1665 988 24
1447 1128 4487 1384 Boston Slums Streets
544 1473 5069 1797 MONOTONY IN BRICK-- A South End street of grimy brick structures
604 1618 4516 1968 Commercial Building on the residential street further accentuates
1176 1890 4544 2160 drabness.  Housing experts feel outside renovations and
542 2055 4459 2374 proper zoning would turn streets such as this one into attractive
546 2273 1337 2400 neighborhoods.
2464 2185 2638 2952 JAN 5 1962
957 3562 1486 3665 PHOTO BY
811 3665 1676 3782 WILLIAM J. ENNIS
799 3779 1655 3904 BOSTON GLOBE
923 4009 1670 4173 DEC 28 1961
