3837 5506
211 166 734 340 3 cols
396 173 1907 427 Proofs to Leary in Sunday
227 407 3048 597 you new mid-town community...
441 715 1231 790 Located along Cam-
345 807 1231 895 den Street (A) and be-
350 913 1262 1007 tween Kendall (B),
345 1012 1240 1086 Hammond(C), Warwick
359 1108 1211 1195 (D), and Tremont (E)
345 1198 1240 1290 Streets. Transportation
343 1305 1227 1413 by MBTA is easily acces-
336 1403 1235 1511 sable either by Rapid
332 1503 1261 1599 Transit (Northampton
334 1602 1250 1700 Station) or bus – Tre-
321 1719 1234 1817 mont and Dudley-Har-
339 1817 1278 1910 vard. Just 1- mintues
315 1909 1256 2003 from downtown Boston
345 2009 1074 2102 or residential areas.
416 4707 3440 4910 "ROXSE HOMES" in Lower Roxbury area of South End renewal project, as de-
383 4809 3424 4985 picked in architectural scale model, shows building grouped along courtyards and
399 4910 3040 5047 parking spots. New housing fully under construction now is being rented.
