7524 5208
1433 541 5357 981 Boston sportsmen show
3719 1207 5740 1335 runnerup Sweet Pea and Sue Klein of Westwood with
1648 1259 3597 1359 POSIE THE POLECAT--New national symbol of the North
3745 1308 5689 1401 second runnerup. Flower Power. Judge Ted Williams makes
1652 1347 3584 1428 American Family Campers Assn. (his real name is Thelonius)
3732 1398 5549 1500 the choice official at the Sportsmen's Show yesterday.
1614 1411 3711 1535 poses with his owner, Mrs. John H. Dewey of Boston (cen-
1645 1495 3623 1604 ter) flanked by Eugene Martinelli of Brockton with first
1119 2360 1770 2849 SCANNED
3076 1870 4372 2262 # 200
3184 2290 4333 2742 4cols
3133 2713 4418 3288 Sports
